<record><leader>00000cas a22000007a 4500</leader><controlfield tag="001">44558190</controlfield><controlfield tag="008">000711d1988199utnuwr ne      0    0eng d</controlfield><datafield ind1=" " ind2=" " tag="010"><subfield code="a">sn 00063917 </subfield></datafield><datafield ind1=" " ind2=" " tag="040"><subfield code="a">TGN</subfield><subfield code="b">eng</subfield><subfield code="c">TGN</subfield><subfield code="d">OCLCF</subfield><subfield code="d">OCLCO</subfield></datafield><datafield ind1="1" ind2=" " tag="029"><subfield code="a">AU@</subfield><subfield code="b">000021675921</subfield></datafield><datafield ind1=" " ind2=" " tag="042"><subfield code="a">msc</subfield></datafield><datafield ind1="0" ind2=" " tag="130"><subfield code="a">Madison free press (Hendersonville, Tenn.)</subfield></datafield><datafield ind1="0" ind2="0" tag="245"><subfield code="a">Madison free press.</subfield></datafield><datafield ind1="3" ind2="0" tag="246"><subfield code="a">Free press</subfield></datafield><datafield ind1=" " ind2=" " tag="260"><subfield code="a">Hendersonville, Tenn. :</subfield><subfield code="b">Hendersonville Free Press Inc.,</subfield><subfield code="c">1988-</subfield></datafield><datafield ind1=" " ind2=" " tag="300"><subfield code="a">v.</subfield></datafield><datafield ind1=" " ind2=" " tag="310"><subfield code="a">Weekly</subfield></datafield><datafield ind1="0" ind2=" " tag="362"><subfield code="a">Vol. 1, no. 1 (Feb. 4, 1988)-</subfield></datafield><datafield ind1=" " ind2="0" tag="651"><subfield code="a">Hendersonville (Tenn.)</subfield><subfield code="v">Newspapers.</subfield></datafield><datafield ind1=" " ind2="0" tag="651"><subfield code="a">Madison (Tenn.)</subfield><subfield code="v">Newspapers.</subfield></datafield><datafield ind1=" " ind2="0" tag="651"><subfield code="a">Sumner County (Tenn.)</subfield><subfield code="v">Newspapers.</subfield></datafield><datafield ind1=" " ind2="0" tag="651"><subfield code="a">Davidson County (Tenn.)</subfield><subfield code="v">Newspapers.</subfield></datafield><datafield ind1=" " ind2="7" tag="655"><subfield code="a">Newspapers.</subfield><subfield code="2">fast</subfield><subfield code="0">(OCoLC)fst01423814</subfield></datafield><datafield ind1=" " ind2="7" tag="651"><subfield code="a">Tennessee</subfield><subfield code="z">Davidson County.</subfield><subfield code="2">fast</subfield><subfield code="0">(OCoLC)fst01205346</subfield></datafield><datafield ind1=" " ind2="7" tag="651"><subfield code="a">Tennessee</subfield><subfield code="z">Hendersonville.</subfield><subfield code="2">fast</subfield><subfield code="0">(OCoLC)fst01216479</subfield></datafield><datafield ind1=" " ind2="7" tag="651"><subfield code="a">Tennessee</subfield><subfield code="z">Madison.</subfield><subfield code="2">fast</subfield><subfield code="0">(OCoLC)fst01221707</subfield></datafield><datafield ind1=" " ind2="7" tag="651"><subfield code="a">Tennessee</subfield><subfield code="z">Sumner County.</subfield><subfield code="2">fast</subfield><subfield code="0">(OCoLC)fst01209637</subfield></datafield><datafield ind1=" " ind2=" " tag="752"><subfield code="a">United States</subfield><subfield code="b">Tennessee</subfield><subfield code="c">Sumner</subfield><subfield code="d">Hendersonville.</subfield></datafield><datafield ind1=" " ind2=" " tag="752"><subfield code="a">United States</subfield><subfield code="b">Tennessee</subfield><subfield code="c">Davidson</subfield><subfield code="d">Madison.</subfield></datafield></record>